<?xml version="1.0" encoding="UTF-8"?><collection xmlns="http://www.loc.gov/MARC21/slim"><record><leader>00344nam--2200133-i-4500</leader><controlfield tag="001">000011283</controlfield><controlfield tag="002">20161230</controlfield><controlfield tag="005">20161230201029</controlfield><controlfield tag="008">060222s1000------------r-----000-0-eng-d</controlfield><datafield ind1=" " ind2=" " tag="080"><subfield code="a">541.128</subfield></datafield><datafield ind1=" " ind2=" " tag="245"><subfield code="a">Aspects of homogeneous catalysis. a series of advances</subfield></datafield><datafield ind1=" " ind2=" " tag="260"><subfield code="a">Milano, Carlo Manfred, 1970 277 P</subfield></datafield><datafield ind1=" " ind2=" " tag="700"><subfield code="a">Renato, Ugo</subfield></datafield><datafield ind1=" " ind2=" " tag="852"><subfield code="a">41892</subfield></datafield></record></collection>